<?xml version="1.0" encoding="UTF-8"?><collection xmlns="http://www.loc.gov/MARC21/slim"><record><leader>00299nam--2200121-i-4500</leader><controlfield tag="001">000005563</controlfield><controlfield tag="002">20161230</controlfield><controlfield tag="005">20161230201026</controlfield><controlfield tag="008">060222s1000------------r-----000-0-eng-d</controlfield><datafield ind1=" " ind2=" " tag="100"><subfield code="a">Biermans ,J</subfield></datafield><datafield ind1=" " ind2=" " tag="245"><subfield code="a">Hochspannung und hochleistung</subfield></datafield><datafield ind1=" " ind2=" " tag="260"><subfield code="a">Munchen,Carl Hanser Verlag,1949. 655p</subfield></datafield><datafield ind1=" " ind2=" " tag="852"><subfield code="a">16516</subfield></datafield></record></collection>